

@Article{gelman_2017,
AUTHOR = {Gelman, Andrew and Simpson, Daniel and Betancourt, Michael},
TITLE = {The Prior Can Often Only Be Understood in the Context of the Likelihood},
JOURNAL = {Entropy},
VOLUME = {19},
YEAR = {2017},
NUMBER = {10},
ARTICLE-NUMBER = {555},
URL = {http://www.mdpi.com/1099-4300/19/10/555},
ISSN = {1099-4300}
}

@article{gelman_2004,
title = {Exploratory {Data} {Analysis} for {Complex} {Models}},
volume = {13},
issn = {1061-8600},
url = {https://amstat.tandfonline.com/doi/abs/10.1198/106186004X11435},
doi = {10.1198/106186004X11435},
number = {4},
urldate = {2018-11-18},
journal = {Journal of Computational and Graphical Statistics},
author = {Gelman, Andrew},
month = dec,
year = {2004},
pages = {755--779},
file = {Snapshot:C\:\\Users\\Daniele\\Zotero\\storage\\4UQIG8EN\\106186004X11435.html:text/html}
}


@article{yao_2018,
	title = {Using {Stacking} to {Average} {Bayesian} {Predictive} {Distributions} (with {Discussion})},
	volume = {13},
	issn = {1936-0975, 1931-6690},
	url = {https://projecteuclid.org/euclid.ba/1516093227},
	doi = {10.1214/17-BA1091},
	language = {EN},
	number = {3},
	urldate = {2018-11-19},
	journal = {Bayesian Analysis},
	author = {Yao, Yuling and Vehtari, Aki and Simpson, Daniel and Gelman, Andrew},
	month = sep,
	year = {2018},
	mrnumber = {MR3853125},
	keywords = {Bayesian model averaging, model combination, predictive distribution, proper scoring rule, stacking, Stan},
	pages = {917--1007},
	file = {Full Text PDF:C\:\\Users\\Daniele\\Zotero\\storage\\9SLUAECX\\Yao et al. - 2018 - Using Stacking to Average Bayesian Predictive Dist.pdf:application/pdf;Snapshot:C\:\\Users\\Daniele\\Zotero\\storage\\9XEPGI4L\\1516093227.html:text/html}
}

@article{hoffman_2014,
	title = {The {No}-{U}-turn {Sampler}: {Adaptively} {Setting} {Path} {Lengths} in {Hamiltonian} {Monte} {Carlo}},
	volume = {15},
	issn = {1532-4435},
	shorttitle = {The {No}-{U}-turn {Sampler}},
	url = {http://dl.acm.org/citation.cfm?id=2627435.2638586},
	number = {1},
	urldate = {2018-11-19},
	journal = {J. Mach. Learn. Res.},
	author = {Homan, Matthew D. and Gelman, Andrew},
	month = jan,
	year = {2014},
	keywords = {adaptive Monte Carlo, Bayesian inference, dual averaging, Hamiltonian Monte Carlo, Markov chain Monte Carlo},
	pages = {1593--1623}
}


@book{gelman_2013,
	edition = {Third Edition},
	series = {Texts in {Statistical} {Sciences}},
	title = {Bayesian {Data} {Analysis}},
	publisher = {Chapman and Hall/CRC},
	author = {Gelman, Andrew and Carlin, John B. and Stern, Hal S. and Dunson, David B. and Vehtari, Aki and Rubin, Donald B.},
	year = {2013}
}
