
@article{edmonson_1979,
title = {Different chemotherapeutic sensitivities and host factors affecting prognosis in advanced ovarian carcinoma versus minimal residual disease},
volume = {63},
issn = {0361-5960},
number = {2},
journal = {Cancer Treatment Reports},
author = {Edmonson, J. H. and Fleming, T. R. and Decker, D. G. and Malkasian, G. D. and Jorgensen, E. O. and Jefferies, J. A. and Webb, M. J. and Kvols, L. K.},
month = feb,
year = {1979},
pmid = {445503},
pages = {241--247}
}

@article{chen_2016,
author = {Chen, Qingxia and Nian, Hui and Zhu, Yuwei and Talbot, H. Keipp and Griffin, Marie R. and Harrell, Frank E.},
title = {Too many covariates and too few cases? – a comparative study},
journal = {Statistics in Medicine},
volume = {35},
number = {25},
pages = {4546-4558},
keywords = {lasso, logistic regression model, over-parameterization, propensity score, ridge},
doi = {10.1002/sim.7021},
url = {https://onlinelibrary.wiley.com/doi/abs/10.1002/sim.7021}
}

@article{talbot_2013,
author = {Talbot, H. Keipp and Zhu, Yuwei and Chen, Qingxia and Williams, John V. and Thompson, Mark G. and Griffin, Marie R.},
title = {Effectiveness of Influenza Vaccine for Preventing Laboratory-Confirmed Influenza Hospitalizations in Adults, 2011–2012 Influenza Season},
journal = {Clinical Infectious Diseases},
volume = {56},
number = {12},
pages = {1774-1777},
year = {2013},
doi = {10.1093/cid/cit124},
URL = {http://dx.doi.org/10.1093/cid/cit124}
}

